<record><leader>00000cas a2200000 a 4500</leader><controlfield tag="001">35218223</controlfield><controlfield tag="008">960809d1uuu1918miuwr ne      0    0eng c</controlfield><datafield ind1=" " ind2=" " tag="010"><subfield code="a">sn 96076947 </subfield></datafield><datafield ind1=" " ind2=" " tag="040"><subfield code="a">MHN</subfield><subfield code="b">eng</subfield><subfield code="c">MHN</subfield><subfield code="d">OCL</subfield><subfield code="d">OCLCQ</subfield><subfield code="d">OCLCF</subfield><subfield code="d">OCLCO</subfield></datafield><datafield ind1="1" ind2=" " tag="029"><subfield code="a">AU@</subfield><subfield code="b">000012746025</subfield></datafield><datafield ind1=" " ind2=" " tag="042"><subfield code="a">pcc</subfield></datafield><datafield ind1=" " ind2=" " tag="043"><subfield code="a">n-us-mi</subfield></datafield><datafield ind1="0" ind2="4" tag="245"><subfield code="a">The Gladstone Delta.</subfield></datafield><datafield ind1=" " ind2=" " tag="260"><subfield code="a">Gladstone, Mich. :</subfield><subfield code="b">C.E. Mason, ed.</subfield></datafield><datafield ind1=" " ind2=" " tag="300"><subfield code="a">v.</subfield></datafield><datafield ind1=" " ind2=" " tag="310"><subfield code="a">Weekly</subfield></datafield><datafield ind1="0" ind2=" " tag="362"><subfield code="a">-v. 32, no. 44 (Jan. 19, 1918).</subfield></datafield><datafield ind1=" " ind2=" " tag="580"><subfield code="a">Merged with: Delta County reporter, to form: Delta County reporter and Gladstone Delta.</subfield></datafield><datafield ind1=" " ind2=" " tag="588"><subfield code="a">Description based on: Vol. 16, no. 6 (May 18, 1901).</subfield></datafield><datafield ind1=" " ind2="0" tag="651"><subfield code="a">Gladstone (Mich.)</subfield><subfield code="v">Newspapers.</subfield></datafield><datafield ind1=" " ind2="0" tag="651"><subfield code="a">Delta County (Mich.)</subfield><subfield code="v">Newspapers.</subfield></datafield><datafield ind1=" " ind2="7" tag="655"><subfield code="a">Newspapers.</subfield><subfield code="2">fast</subfield><subfield code="0">(OCoLC)fst01423814</subfield></datafield><datafield ind1=" " ind2="7" tag="651"><subfield code="a">Michigan</subfield><subfield code="z">Delta County.</subfield><subfield code="2">fast</subfield><subfield code="0">(OCoLC)fst01214757</subfield></datafield><datafield ind1=" " ind2="7" tag="651"><subfield code="a">Michigan</subfield><subfield code="z">Gladstone.</subfield><subfield code="2">fast</subfield><subfield code="0">(OCoLC)fst01219846</subfield></datafield><datafield ind1=" " ind2=" " tag="752"><subfield code="a">United States</subfield><subfield code="b">Michigan</subfield><subfield code="c">Delta</subfield><subfield code="d">Gladstone.</subfield></datafield><datafield ind1="0" ind2="0" tag="780"><subfield code="t">Delta (Escanaba, Mich.)</subfield><subfield code="w">(DLC)sn 96076946</subfield><subfield code="w">(OCoLC)35218347</subfield></datafield><datafield ind1="1" ind2="7" tag="785"><subfield code="t">Delta County reporter</subfield><subfield code="w">(DLC)sn 96076948</subfield><subfield code="w">(OCoLC)35218268</subfield></datafield><datafield ind1="1" ind2="7" tag="785"><subfield code="t">Delta County reporter and the Gladstone Delta</subfield><subfield code="w">(DLC)sn 96076949</subfield><subfield code="w">(OCoLC)35217839</subfield></datafield></record>